%References
@electronic{RCHistory, 
  author = {RC Car Tips},
  title = {History and Evolution of RC Cars},
  year = {2009},
  publisher = {RC Car Tips},
  url = {http://www.rccartips.com/rc-history.htm [HÃ¤mtad 160921]}
}