@electronic{projektDir, 
  author = {Department of Computer Science and Engineering, Chalmers}, 
  title = {DAT290 Datatekniskt projekt Projektdirektiv 2 Radiostyrd bil}, 
  year = {2016}, 
  publisher = {Department of Computer Science and Engineering, Chalmers},
  url = {https://pingpong.chalmers.se/courseId/6953/node.do?id=3156906&ts=1472211610029&u=1787919969}
}